@inbook{centroid-calculation,
    title        = {Centroid of a Polygon},
    author       = {Bashein, Gerard and Detmer, Paul R.},
    year         = 1994,
    booktitle    = {Graphics Gems IV},
    publisher    = {Academic Press Professional, Inc.},
    address      = {USA},
    pages        = {3–6},
    isbn         = {0123361559},
    numpages     = 4
}
@misc{airdna-rental-data,
    title        = {{AirDNA Vacation Rental Data}},
    author       = {{AirDNA}},
    howpublished = {Available at \url{https://www.airdna.co/vacation-rental-data/app/ie/default/dublin/overview} (2022/10/01)}
}
@techreport{residential-tenancies-board-report,
    title        = {{Residential Tenancies Board Publishes Q1 2022 Rent Index}},
    author       = {{Residential Tenancies Board}},
    year         = 2022,
    publisher    = {{Residential Tenancies Board}},
    volume       = 33
}
@misc{inside-airbnb,
    title        = {{Inside Airbnb: Dublin}},
    author       = {Murray Cox and John Morris and Taylor Higgins},
    howpublished = {Available at \url{http://insideairbnb.com/dublin} (2022/10/01)}
}
@techreport{daft.ie-report,
    title        = {{The Daft.ie Rental Price Report}},
    author       = {{Daft.ie}},
    year         = 2022,
    publisher    = {{Daft.ie}}
}
@misc{short-term-property-rental,
    title        = {{Renting Your Property for Short-term Lets}},
    author       = {{Citizens Information}},
    howpublished = {Available at \url{https://www.citizensinformation.ie/en/housing/owning_a_home/home_owners/renting_your_property_for_shortterm_lets.html} (2022/10/01)}
}
@misc{counties-clamp-down-rental,
    title        = {{Revealed: The Counties That Are Clamping Down on Airbnb Rentals... and the Ones That Aren't}},
    author       = {Gabija Gataveckaite},
    howpublished = {Available at \url{https://www.independent.ie/irish-news/revealed-the-counties-that-are-clamping-down-on-airbnb-rentals-and-the-ones-that-arent-41595034.html} (2022/10/01)}
}
@techreport{housing-property-sector-chartpack,
    title        = {{Housing and Property Sector Chartpack}},
    author       = {{Department of Finance, Government of Ireland}},
    year         = 2021,
    month        = {October},
    publisher    = {{Department of Finance, Government of Ireland}}
}
@techreport{residential-tenancies,
    title        = {{The Residential Tenancies (Amendment) Act 2021}},
    author       = {{Government of Ireland}},
    year         = 2021,
    publisher    = {{Government of Ireland}}
}
@techreport{planning-development-regulations,
    title        = {{Planning and Development Regulations 2001 – 2022}},
    author       = {{Department of Housing, Local Government and Heritage, Government of Ireland}},
    year         = 2022,
    publisher    = {{Department of Housing, Local Government and Heritage, Government of Ireland}}
}
@misc{citizen-planning-permission,
    title        = {{Planning Permission}},
    author       = {{Citizens Information}},
    howpublished = {Available at \url{https://www.citizensinformation.ie/en/housing/planning_permission/planning_permission_general.html} (2022/10/01)}
}
@misc{national-planning-application-dataset,
    title        = {{National Planning Applications}},
    author       = {{Department of Housing, Local Government and Heritage, Government of Ireland}},
    howpublished = {Available at \url{https://data.gov.ie/dataset/national-planning-applications} (2022/08/11)}
}
@misc{local-electoral-area-dataset,
    title        = {{Local Electoral Areas - OSi National Statutory Boundaries - 2019}},
    author       = {{Ordnance Survey Ireland}},
    year         = 2019,
    howpublished = {Available at \url{https://data.gov.ie/en_GB/dataset/local-electoral-areas-osi-national-statutory-boundaries-2019} (2022/10/01)}
}
@misc{pnpoly-algorithm,
    title        = {PNPOLY - Point Inclusion in Polygon Test},
    author       = {W. Randolph Franklin},
    howpublished = {Available at \url{https://wrfranklin.org/Research/Short_Notes/pnpoly.html} (2022/10/01)}
}
@article{siamese-neural-network,
    title        = {{Siamese Neural Networks: An Overview}},
    author       = {Davide Chicco},
    year         = 2021,
    journal      = {Artificial Neural Networks},
    publisher    = {Springer},
    pages        = {73--94}
}
@inproceedings{resnet18,
    title        = {{Deep Residual Learning for Image Recognition}},
    author       = {Kaiming He and Xiangyu Zhang and Shaoqing Ren and Jian Sun},
    year         = 2016,
    booktitle    = {Proceedings of the IEEE conference on computer vision and pattern recognition},
    pages        = {770--778}
}
@article{sentence-bert,
    title        = {{Sentence-BERT: Sentence Embeddings Using Siamese BERT-Networks}},
    author       = {Nils Reimers and Iryna Gurevych},
    year         = 2019,
    journal      = {arXiv preprint arXiv:1908.10084}
}
@article{haversine-algorithm,
    title        = {{The Cosine-Haversine Formula}},
    author       = {C. C. Robusto},
    year         = 1957,
    journal      = {The American Mathematical Monthly},
    publisher    = {Mathematical Association of America},
    volume       = 64,
    number       = 1,
    pages        = {38--40},
    issn         = {00029890, 19300972},
    url          = {http://www.jstor.org/stable/2309088},
    urldate      = {2022-08-19}
}
@article{sentiment-forecast,
    title        = {{Are Customer Reviews Just Reviews? Hotel Forecasting Using Sentiment Analysis}},
    author       = {Doris Chenguang Wu and Shiteng Zhong and Richard TR Qiu and Ji Wu},
    year         = 2022,
    journal      = {Tourism Economics},
    publisher    = {SAGE Publications Sage UK: London, England},
    volume       = 28,
    number       = 3,
    pages        = {795--816}
}
@misc{san-francisco-model,
    title        = {{Inside Airbnb: Data Assumptions}},
    author       = {{Inside Airbnb}},
    howpublished = {Available at \url{http://insideairbnb.com/data-assumptions} (2022/10/01)}
}
@misc{textblob,
    title        = {{TextBlob: Simplified Text Processing}},
    author       = {Steven Loria},
    howpublished = {Available at \url{https://textblob.readthedocs.io/en/dev} (2022/10/01)}
}